<?xml version="1.0" encoding="UTF-8"?><collection xmlns="http://www.loc.gov/MARC21/slim"><record><leader>00574nam--2200193-u-4500</leader><controlfield tag="001">000054582</controlfield><controlfield tag="002">20161230</controlfield><controlfield tag="005">20161230201051</controlfield><controlfield tag="008">120314s1000------------r-----000-0-eng-d</controlfield><datafield ind1=" " ind2=" " tag="040"><subfield code="a">IFIN-HH</subfield></datafield><datafield ind1=" " ind2=" " tag="080"><subfield code="a">539.12.162.8</subfield></datafield><datafield ind1="1" ind2=" " tag="100"><subfield code="a">Barger, Vernon D</subfield></datafield><datafield ind1="1" ind2="0" tag="245"><subfield code="a">Phenomenological theories of high energy scatteting</subfield><subfield code="b">An experimental evaluation</subfield><subfield code="c">Vernon d. barger, david b. cline</subfield></datafield><datafield ind1=" " ind2=" " tag="260"><subfield code="a">New York</subfield><subfield code="b">W.A. Benjamin, Inc</subfield><subfield code="c">1969</subfield></datafield><datafield ind1=" " ind2=" " tag="300"><subfield code="a">201P</subfield></datafield><datafield ind1=" " ind2=" " tag="490"><subfield code="a">Frontiers In Physics</subfield></datafield><datafield ind1="1" ind2=" " tag="700"><subfield code="a">Cline, David B</subfield></datafield><datafield ind1=" " ind2=" " tag="852"><subfield code="a">78874</subfield><subfield code="c">539.131</subfield></datafield><datafield ind1=" " ind2=" " tag="CAT"><subfield code="a">Sys</subfield><subfield code="c">20120314</subfield><subfield code="h">151434</subfield></datafield></record></collection>